%YAML 1.1
%TAG !u! tag:unity3d.com,2011:
--- !u!1 &694704215567151988
GameObject:
  m_ObjectHideFlags: 0
  m_CorrespondingSourceObject: {fileID: 0}
  m_PrefabInstance: {fileID: 0}
  m_PrefabAsset: {fileID: 0}
  serializedVersion: 6
  m_Component:
  - component: {fileID: 694704215567152008}
  - component: {fileID: 694704215567151991}
  - component: {fileID: 694704215567151989}
  - component: {fileID: 694704215567152009}
  - component: {fileID: 694704215567152010}
  - component: {fileID: 694704215567152012}
  - component: {fileID: 694704215567152011}
  - component: {fileID: 694704215567151990}
  m_Layer: 0
  m_Name: Main Camera
  m_TagString: MainCamera
  m_Icon: {fileID: 0}
  m_NavMeshLayer: 0
  m_StaticEditorFlags: 0
  m_IsActive: 1
--- !u!4 &694704215567152008
Transform:
  m_ObjectHideFlags: 0
  m_CorrespondingSourceObject: {fileID: 0}
  m_PrefabInstance: {fileID: 0}
  m_PrefabAsset: {fileID: 0}
  m_GameObject: {fileID: 694704215567151988}
  m_LocalRotation: {x: 0, y: 0, z: 0, w: 1}
  m_LocalPosition: {x: 0, y: 0, z: -10}
  m_LocalScale: {x: 1, y: 1, z: 1}
  m_Children: []
  m_Father: {fileID: 0}
  m_RootOrder: 0
  m_LocalEulerAnglesHint: {x: 0, y: 0, z: 0}
--- !u!20 &694704215567151991
Camera:
  m_ObjectHideFlags: 0
  m_CorrespondingSourceObject: {fileID: 0}
  m_PrefabInstance: {fileID: 0}
  m_PrefabAsset: {fileID: 0}
  m_GameObject: {fileID: 694704215567151988}
  m_Enabled: 1
  serializedVersion: 2
  m_ClearFlags: 2
  m_BackGroundColor: {r: 0, g: 0, b: 0, a: 0}
  m_projectionMatrixMode: 1
  m_GateFitMode: 2
  m_FOVAxisMode: 0
  m_SensorSize: {x: 36, y: 24}
  m_LensShift: {x: 0, y: 0}
  m_FocalLength: 50
  m_NormalizedViewPortRect:
    serializedVersion: 2
    x: 0
    y: 0
    width: 1
    height: 1
  near clip plane: 0.3
  far clip plane: 1000
  field of view: 60
  orthographic: 1
  orthographic size: 1.6875
  m_Depth: -1
  m_CullingMask:
    serializedVersion: 2
    m_Bits: 4294967295
  m_RenderingPath: -1
  m_TargetTexture: {fileID: 0}
  m_TargetDisplay: 0
  m_TargetEye: 0
  m_HDR: 1
  m_AllowMSAA: 0
  m_AllowDynamicResolution: 0
  m_ForceIntoRT: 0
  m_OcclusionCulling: 0
  m_StereoConvergence: 10
  m_StereoSeparation: 0.022
--- !u!81 &694704215567151989
AudioListener:
  m_ObjectHideFlags: 0
  m_CorrespondingSourceObject: {fileID: 0}
  m_PrefabInstance: {fileID: 0}
  m_PrefabAsset: {fileID: 0}
  m_GameObject: {fileID: 694704215567151988}
  m_Enabled: 1
--- !u!114 &694704215567152009
MonoBehaviour:
  m_ObjectHideFlags: 0
  m_CorrespondingSourceObject: {fileID: 0}
  m_PrefabInstance: {fileID: 0}
  m_PrefabAsset: {fileID: 0}
  m_GameObject: {fileID: 694704215567151988}
  m_Enabled: 1
  m_EditorHideFlags: 0
  m_Script: {fileID: 11500000, guid: 8b8c96e2cdc154e848a3d9fe62464d42, type: 3}
  m_Name: 
  m_EditorClassIdentifier: 
  CameraTargets:
  - TargetTransform: {fileID: 0}
    TargetInfluenceH: 1
    TargetInfluenceV: 1
    TargetOffset: {x: 0, y: 0}
  CenterTargetOnStart: 1
  Axis: 0
  UpdateType: 1
  FollowHorizontal: 1
  HorizontalFollowSmoothness: 0.15
  FollowVertical: 1
  VerticalFollowSmoothness: 0.125
  OffsetX: 0
  OffsetY: 0.15
  IsRelativeOffset: 1
  ZoomWithFOV: 0
  IgnoreTimeScale: 0
  CurrentZoomTriggerID: 0
  IsCameraPositionLeftBounded: 0
  IsCameraPositionRightBounded: 0
  IsCameraPositionTopBounded: 0
  IsCameraPositionBottomBounded: 0
  GameCamera: {fileID: 694704215567151991}
--- !u!114 &694704215567152010
MonoBehaviour:
  m_ObjectHideFlags: 0
  m_CorrespondingSourceObject: {fileID: 0}
  m_PrefabInstance: {fileID: 0}
  m_PrefabAsset: {fileID: 0}
  m_GameObject: {fileID: 694704215567151988}
  m_Enabled: 1
  m_EditorHideFlags: 0
  m_Script: {fileID: 11500000, guid: 9ac0ec3d6ad5f4a3d9d184bc3773a3a7, type: 3}
  m_Name: 
  m_EditorClassIdentifier: 
  _pc2D: {fileID: 694704215567152009}
  ShakePresets: []
  ConstantShakePresets: []
  StartConstantShakePreset: {fileID: 0}
  CurrentConstantShakePreset: {fileID: 0}
--- !u!114 &694704215567152012
MonoBehaviour:
  m_ObjectHideFlags: 0
  m_CorrespondingSourceObject: {fileID: 0}
  m_PrefabInstance: {fileID: 0}
  m_PrefabAsset: {fileID: 0}
  m_GameObject: {fileID: 694704215567151988}
  m_Enabled: 1
  m_EditorHideFlags: 0
  m_Script: {fileID: 11500000, guid: 30112d3b8decd43b5bf051e67694b027, type: 3}
  m_Name: 
  m_EditorClassIdentifier: 
  _pc2D: {fileID: 694704215567152009}
  Rooms:
  - ID: 0
    Dimensions:
      serializedVersion: 2
      x: 3.47
      y: 0.58
      width: 10.03
      height: 2.38
    TransitionDuration: 1
    TransitionEaseType: 0
    ScaleCameraToFit: 1
    Zoom: 0
    ZoomScale: 1.5
    InternalID: 0
  - ID: 0
    Dimensions:
      serializedVersion: 2
      x: 12.43
      y: 0.58
      width: 7.71
      height: 2.38
    TransitionDuration: 1
    TransitionEaseType: 0
    ScaleCameraToFit: 1
    Zoom: 0
    ZoomScale: 1.5
    InternalID: 0
  UpdateInterval: 0.1
  UseTargetsMidPoint: 1
  TriggerTarget: {fileID: 0}
  TransitionInstanlyOnStart: 1
  RestoreOnRoomExit: 0
  RestoreDuration: 1
  RestoreEaseType: 0
  AutomaticRoomActivation: 1
  UseRelativePosition: 0
  OnStartedTransition:
    m_PersistentCalls:
      m_Calls:
      - m_Target: {fileID: 0}
        m_MethodName: RoomExit
        m_Mode: 0
        m_Arguments:
          m_ObjectArgument: {fileID: 0}
          m_ObjectArgumentAssemblyTypeName: UnityEngine.Object, UnityEngine
          m_IntArgument: 0
          m_FloatArgument: 0
          m_StringArgument: 
          m_BoolArgument: 0
        m_CallState: 2
  OnFinishedTransition:
    m_PersistentCalls:
      m_Calls:
      - m_Target: {fileID: 0}
        m_MethodName: RoomEnter
        m_Mode: 0
        m_Arguments:
          m_ObjectArgument: {fileID: 0}
          m_ObjectArgumentAssemblyTypeName: UnityEngine.Object, UnityEngine
          m_IntArgument: 0
          m_FloatArgument: 0
          m_StringArgument: 
          m_BoolArgument: 0
        m_CallState: 2
  OnExitedAllRooms:
    m_PersistentCalls:
      m_Calls: []
--- !u!114 &694704215567152011
MonoBehaviour:
  m_ObjectHideFlags: 0
  m_CorrespondingSourceObject: {fileID: 0}
  m_PrefabInstance: {fileID: 0}
  m_PrefabAsset: {fileID: 0}
  m_GameObject: {fileID: 694704215567151988}
  m_Enabled: 1
  m_EditorHideFlags: 0
  m_Script: {fileID: 11500000, guid: 6903f12ac8ae44a41ba2a44700ec60ed, type: 3}
  m_Name: 
  m_EditorClassIdentifier: 
  _pc2D: {fileID: 694704215567152009}
  UseNumericBoundaries: 1
  UseTopBoundary: 1
  TopBoundary: 10
  TargetTopBoundary: 0
  UseBottomBoundary: 1
  BottomBoundary: -10
  TargetBottomBoundary: 0
  UseLeftBoundary: 1
  LeftBoundary: -10
  TargetLeftBoundary: 0
  UseRightBoundary: 1
  RightBoundary: 10
  TargetRightBoundary: 0
  IsCameraPositionHorizontallyBounded: 0
  IsCameraPositionVerticallyBounded: 0
  CurrentBoundariesTrigger: {fileID: 0}
  HasFiredTransitionStarted: 0
  HasFiredTransitionFinished: 0
  UseSoftBoundaries: 0
  Softness: 4
  SoftAreaSize: 0.5
--- !u!114 &694704215567151990
MonoBehaviour:
  m_ObjectHideFlags: 0
  m_CorrespondingSourceObject: {fileID: 0}
  m_PrefabInstance: {fileID: 0}
  m_PrefabAsset: {fileID: 0}
  m_GameObject: {fileID: 694704215567151988}
  m_Enabled: 1
  m_EditorHideFlags: 0
  m_Script: {fileID: 11500000, guid: 17577239430844efcbdda516df8c1f8e, type: 3}
  m_Name: 
  m_EditorClassIdentifier: 
  _pc2D: {fileID: 694704215567152009}
  PixelsPerUnit: 16
  ViewportAutoScale: 3
  TargetViewportSizeInPixels: {x: 332, y: 192}
  _zoom: 15
  SnapMovementToGrid: 0
  SnapCameraToGrid: 1
  DrawGrid: 0
  GridColor: {r: 1, g: 0, b: 0, a: 0.1}
  GridDensity: 0
